idx,price(GBP),weight,process,destination,roast,blend,arabica_robusta,origin,weight(g),price_per_kg
1,18.8,6 x 60g,,drip (alternative brewing methods),light,beans,100% Arabica,,360,52.22
2,7.98,250 g,Natural,drip (alternative brewing methods),medium,beans,100% Arabica,Brazylia,250,31.92
3,9.8,250 g,Natural,drip (alternative brewing methods),light,beans,100% Arabica,Etiopia,250,39.2
4,9.8,250 g,Washed,drip (alternative brewing methods),light,beans,100% Arabica,Etiopia,250,39.2
5,8.8,250 g,Natural,drip (alternative brewing methods),dark,beans,100% Arabica,Indonezja,250,35.2
6,5.19,250 g,Natural,drip (alternative brewing methods),medium,beans,100% Arabica,Brazylia,250,20.76
7,9,200 g,Washed,drip (alternative brewing methods),light,beans,100% Arabica,Kenia,200,45
8,35,125 g,Carbonic Maceration,drip (alternative brewing methods),light,beans,100% Arabica,Panama,125,280
9,1.1,11 g,,drip (alternative brewing methods),light,ground,100% Arabica,Kolumbia,11,100
10,11.4,250 g,Washed,drip (alternative brewing methods),light,beans,100% Arabica,Salwador,250,45.6
11,15.8,252 g,Honey,drip (alternative brewing methods),light,beans,100% Arabica,Boliwia,252,62.7
12,13.2,252 g,Honey,drip (alternative brewing methods),light,beans,100% Arabica,Honduras,252,52.38
13,12.8,8 x 11g,Natural,drip (alternative brewing methods),medium,ground,100% Arabica,Brazylia,88,145.45
14,15,250 g,Natural,drip (alternative brewing methods),light,beans,100% Arabica,Burundi,250,60
15,12.6,250 g,Washed,drip (alternative brewing methods),light,beans,100% Arabica,Burundi,250,50.4
16,12.8,8 x 11g,Natural,drip (alternative brewing methods),light,ground,100% Arabica,Etiopia,88,145.45
17,12.8,8 x 11g,Washed,drip (alternative brewing methods),light,ground,100% Arabica,Gwatemala,88,145.45
18,10.4,200 g,Natural,drip (alternative brewing methods),light,beans,100% Arabica,Honduras,200,52
19,17.8,200 g,Washed,drip (alternative brewing methods),light,beans,100% Arabica,Kolumbia,200,89
20,22,250 g,Washed,drip (alternative brewing methods),light,beans,100% Arabica,Kolumbia,250,88
21,8.4,250 g,Washed,drip (alternative brewing methods),medium,beans,100% Arabica,Etiopia,250,33.6
22,9.4,250 g,Natural,drip (alternative brewing methods),light,beans,100% Arabica,,250,37.6
23,21,5 x 100g,,drip (alternative brewing methods),light,beans,100% Arabica,,400,52.5
24,12.2,250 g,Washed,drip (alternative brewing methods),light,beans,100% Arabica,Kolumbia,250,48.8
25,12.6,250 g,Natural,drip (alternative brewing methods),light,beans,100% Arabica,Kolumbia,250,50.4
26,23.8,1 kg,Washed,drip (alternative brewing methods),light,beans,100% Arabica,"Brazylia, inne",1000,23.8
27,11.6,250 g,Washed,drip (alternative brewing methods),light,beans,100% Arabica,Etiopia,250,46.4
28,12.6,250 g,Washed Anaerobic,drip (alternative brewing methods),light,beans,100% Arabica,Honduras,250,50.4
29,11.2,250 g,Red Honey,drip (alternative brewing methods),light,beans,100% Arabica,Indie,250,44.8
30,11.2,250 g,Washed,drip (alternative brewing methods),light,beans,100% Arabica,Peru,250,44.8
31,11.2,250 g,Washed,drip (alternative brewing methods),light,beans,100% Arabica,Rwanda,250,44.8
32,11.2,250 g,Washed,drip (alternative brewing methods),light,beans,100% Arabica,Rwanda,250,44.8
33,12.6,250 g,Natural,drip (alternative brewing methods),light,beans,100% Arabica,Etiopia,250,50.4
34,11,250 g,Washed,drip (alternative brewing methods),light,beans,100% Arabica,Gwatemala,250,44
35,11.8,250 g,Anaerobic,drip (alternative brewing methods),light,beans,100% Arabica,Honduras,250,47.2
36,9.8,250 g,Washed,drip (alternative brewing methods),light,beans,100% Arabica,Kolumbia,250,39.2
37,12,125 g,Carbonic Maceration,drip (alternative brewing methods),light,beans,100% Arabica,Gwatemala,125,96
38,12.8,125 g,Carbonic Maceration,drip (alternative brewing methods),light,beans,100% Arabica,Gwatemala,125,102.4
39,6.6,250 g,,drip (alternative brewing methods),light,beans,100% Arabica,,250,26.4
40,9.6,250 g,Washed,drip (alternative brewing methods),light,beans,100% Arabica,Rwanda,250,38.4
41,0.9,11 g,,drip (alternative brewing methods),light,ground,100% Arabica,Brazylia,11,81.82
42,6.3,8 x 11g,,drip (alternative brewing methods),light,ground,100% Arabica,Brazylia,88,71.59
43,1,11 g,Washed,drip (alternative brewing methods),light,ground,100% Arabica,Etiopia,11,90.91
44,7,8 x 11g,Washed,drip (alternative brewing methods),light,ground,100% Arabica,Etiopia,88,79.55
45,0.9,11 g,,drip (alternative brewing methods),light,ground,100% Arabica,Honduras,11,81.82
46,6.3,8 x 11g,,drip (alternative brewing methods),light,ground,100% Arabica,Honduras,88,71.59
47,1.1,11 g,Washed,drip (alternative brewing methods),light,ground,100% Arabica,Kenia,11,100
48,7.7,8 x 11g,Washed,drip (alternative brewing methods),light,ground,100% Arabica,Kenia,88,87.5
49,7,8 x 11g,,drip (alternative brewing methods),light,ground,100% Arabica,Kolumbia,88,79.55
50,6.5,8 x 11g,,drip (alternative brewing methods),light,ground,100% Arabica,,88,73.86
51,10.4,250 g,Natural,drip (alternative brewing methods),light,beans,100% Arabica,Kolumbia,250,41.6
52,7.3,250 g,Washed,drip (alternative brewing methods),light,beans,100% Arabica,Kolumbia,250,29.2
53,11,250 g,Macerated Natural,drip (alternative brewing methods),light,beans,100% Arabica,Peru,250,44
54,9,200 g,,drip (alternative brewing methods),light,beans,100% Arabica,Kolumbia,200,45
55,9.6,200 g,Washed,drip (alternative brewing methods),light,beans,100% Arabica,Kolumbia,200,48
56,9,200 g,Natural,drip (alternative brewing methods),light,beans,100% Arabica,Indonezja,200,45
57,8.4,200 g,Washed,drip (alternative brewing methods),light,beans,100% Arabica,Peru,200,42
58,9,200 g,Washed,drip (alternative brewing methods),light,beans,100% Arabica,Rwanda,200,45
60,11.6,250 g,Washed,drip (alternative brewing methods),light,beans,100% Arabica,Etiopia,250,46.4
61,11.8,250 g,Black Honey,drip (alternative brewing methods),light,beans,100% Arabica,Etiopia,250,47.2
62,10.6,250 g,Washed,drip (alternative brewing methods),light,beans,100% Arabica,Etiopia,250,42.4
63,11,250 g,Natural,drip (alternative brewing methods),light,beans,100% Arabica,Kolumbia,250,44
64,11,250 g,Washed,drip (alternative brewing methods),light,beans,100% Arabica,Kolumbia,250,44
65,5.4,250 g,Natural,drip (alternative brewing methods),light,beans,100% Arabica,Brazylia,250,21.6
66,10.8,250 g,Washed,drip (alternative brewing methods),light,beans,100% Arabica,Chiny,250,43.2
67,10,250 g,Washed,drip (alternative brewing methods),light,beans,100% Arabica,Etiopia,250,40
68,10,250 g,Natural,drip (alternative brewing methods),light,beans,100% Arabica,Etiopia,250,40
69,10,250 g,Washed,drip (alternative brewing methods),light,beans,100% Arabica,Gwatemala,250,40
70,10,250 g,Washed,drip (alternative brewing methods),light,beans,100% Arabica,Indonezja,250,40
71,10.8,250 g,Washed,drip (alternative brewing methods),light,beans,100% Arabica,Kenia,250,43.2
72,10.8,250 g,Washed,drip (alternative brewing methods),light,beans,100% Arabica,Mjanma,250,43.2
73,7,250 g,Washed,drip (alternative brewing methods),light,beans,100% Arabica,Gwatemala,250,28
74,8,250 g,Washed,drip (alternative brewing methods),light,beans,100% Arabica,Kolumbia,250,32
75,11,250 g,Red Honey,drip (alternative brewing methods),light,beans,100% Arabica,Kostaryka,250,44
76,10.2,250 g,Washed,drip (alternative brewing methods),light,beans,100% Arabica,Rwanda,250,40.8
77,14,250 g,Natural,drip (alternative brewing methods),light,beans,100% Arabica,Rwanda,250,56
78,6,250 g,Honey,drip (alternative brewing methods),light,beans,100% Arabica,Brazylia,250,24
79,6,250 g,Pulped natural,drip (alternative brewing methods),light,beans,100% Arabica,Brazylia,250,24
80,8.4,250 g,Washed,drip (alternative brewing methods),light,beans,100% Arabica,Burundi,250,33.6
81,8.8,250 g,Natural,drip (alternative brewing methods),light,beans,100% Arabica,Kostaryka,250,35.2
82,6,250 g,Washed,drip (alternative brewing methods),light,beans,100% Arabica,Gwatemala,250,24
83,14.4,250 g,Natural,drip (alternative brewing methods),light,beans,100% Arabica,Gwatemala,250,57.6
84,7.8,250 g,Natural,drip (alternative brewing methods),light,beans,100% Arabica,Gwatemala,250,31.2
85,8.4,250 g,Honey,drip (alternative brewing methods),light,beans,100% Arabica,Honduras,250,33.6
86,8.6,250 g,Washed,drip (alternative brewing methods),light,beans,100% Arabica,Indonezja,250,34.4
87,8,250 g,Washed,drip (alternative brewing methods),light,beans,100% Arabica,Peru,250,32
88,13,300 g,Washed,drip (alternative brewing methods),light,beans,100% Arabica,Etiopia,300,43.33
89,10.4,300 g,Washed,drip (alternative brewing methods),light,beans,100% Arabica,Peru,300,34.67
90,14,300 g,Macerated Natural,drip (alternative brewing methods),light,beans,100% Arabica,Peru,300,46.67
91,13.4,300 g,Natural,drip (alternative brewing methods),light,beans,100% Arabica,Peru,300,44.67
92,11.8,300 g,Washed,drip (alternative brewing methods),light,beans,100% Arabica,Rwanda,300,39.33
93,6.8,250 g,Natural,drip (alternative brewing methods),light,beans,100% Arabica,Brazylia,250,27.2
94,10.2,250 g,Washed,drip (alternative brewing methods),light,beans,100% Arabica,Etiopia,250,40.8
95,10.6,250 g,Washed,drip (alternative brewing methods),light,beans,100% Arabica,Gwatemala,250,42.4
96,13.4,250 g,Washed,drip (alternative brewing methods),light,beans,100% Arabica,Kenia,250,53.6
97,10,250 g,Washed,drip (alternative brewing methods),light,beans,100% Arabica,Kolumbia,250,40
98,11,250 g,Natural,drip (alternative brewing methods),light,beans,100% Arabica,Rwanda,250,44
99,11,250 g,Washed,drip (alternative brewing methods),light,beans,100% Arabica,Rwanda,250,44
100,11.6,250 g,Yellow Bourbon,drip (alternative brewing methods),light,beans,100% Arabica,Brazylia,250,46.4
101,14,250 g,Natural,drip (alternative brewing methods),light,beans,100% Arabica,Salwador,250,56
102,31.8,1 kg,,drip (alternative brewing methods),light,beans,100% Arabica,"Brazylia, Kenia",1000,31.8
103,12.8,250 g,Washed,drip (alternative brewing methods),light,beans,100% Arabica,Kenia,250,51.2
104,9.8,250 g,Natural,drip (alternative brewing methods),light,beans,100% Arabica,Brazylia,250,39.2
105,11.6,250 g,Washed,drip (alternative brewing methods),light,beans,100% Arabica,Kolumbia,250,46.4
106,9.6,250 g,Washed,drip (alternative brewing methods),light,beans,100% Arabica,Brazylia,250,38.4
107,10,250 g,Natural,drip (alternative brewing methods),light,beans,100% Arabica,Rwanda,250,40
108,10,250 g,Natural,drip (alternative brewing methods),light,beans,100% Arabica,Rwanda,250,40
109,11,250 g,Aerobic Fermentation in Piles,drip (alternative brewing methods),light,beans,100% Arabica,Brazylia,250,44
110,11.8,250 g,Yeast Process,drip (alternative brewing methods),light,beans,100% Arabica,Salwador,250,47.2
111,12,250 g,Washed,drip (alternative brewing methods),light,beans,100% Arabica,Etiopia,250,48
112,12.8,250 g,Natural,drip (alternative brewing methods),light,beans,100% Arabica,Etiopia,250,51.2
113,12.8,250 g,Yellow Honey,drip (alternative brewing methods),light,beans,100% Arabica,Etiopia,250,51.2
114,12.8,250 g,Washed Anaerobic,drip (alternative brewing methods),light,beans,100% Arabica,Honduras,250,51.2
115,13.6,250 g,Washed,drip (alternative brewing methods),light,beans,100% Arabica,Honduras,250,54.4
116,13.6,250 g,Carbonic Maceration,drip (alternative brewing methods),light,beans,100% Arabica,Kolumbia,250,54.4
117,13.6,250 g,Yellow Honey,drip (alternative brewing methods),light,beans,100% Arabica,Kostaryka,250,54.4
118,14,250 g,Honey,drip (alternative brewing methods),light,beans,100% Arabica,Kostaryka,250,56
119,12,250 g,Natural,drip (alternative brewing methods),light,beans,100% Arabica,Meksyk,250,48
120,12,250 g,Washed,drip (alternative brewing methods),light,beans,100% Arabica,Peru,250,48
121,10,250 g,,drip (alternative brewing methods),light,beans,100% Arabica,Peru,250,40
122,21,1 kg,,drip (alternative brewing methods),light,beans,100% Arabica,"Brazylia, inne",1000,21
123,5.8,250 g,,drip (alternative brewing methods),light,beans,100% Arabica,"Brazylia, inne",250,23.2
124,29,1 kg,Washed,drip (alternative brewing methods),light,beans,100% Arabica,Etiopia,1000,29
125,8,250 g,Washed,drip (alternative brewing methods),light,beans,100% Arabica,Etiopia,250,32
126,15.4,500 g,Washed,drip (alternative brewing methods),light,beans,100% Arabica,Etiopia,500,30.8
127,30,1 kg,,drip (alternative brewing methods),light,beans,100% Arabica,Rwanda,1000,30
128,8.2,250 g,,drip (alternative brewing methods),light,beans,100% Arabica,Rwanda,250,32.8
129,15.8,500 g,,drip (alternative brewing methods),light,beans,100% Arabica,Rwanda,500,31.6
130,5,250 g,,drip (alternative brewing methods),light,ground,100% Arabica,,250,20
131,9.52,250 g,Yellow Honey,drip (alternative brewing methods),light,beans,100% Arabica,Kostaryka,250,38.08
132,10.4,250 g,Washed,drip (alternative brewing methods),light,beans,100% Arabica,Gwatemala,250,41.6
133,8.4,250 g,Washed,drip (alternative brewing methods),light,beans,100% Arabica,Honduras,250,33.6
134,8.4,250 g,Honey,drip (alternative brewing methods),light,beans,100% Arabica,Meksyk,250,33.6
135,15.8,250 g,Anaerobic,drip (alternative brewing methods),light,beans,100% Arabica,Kolumbia,250,63.2
136,15.6,250 g,Washed,drip (alternative brewing methods),light,beans,100% Arabica,Etiopia,250,62.4
137,15,250 g,Natural,drip (alternative brewing methods),light,beans,100% Arabica,Etiopia,250,60
138,11,250 g,Washed,drip (alternative brewing methods),light,beans,100% Arabica,Burundi,250,44
139,5.8,250 g,Washed,drip (alternative brewing methods),light,beans,100% Arabica,Gwatemala,250,23.2
140,9.8,250 g,Washed,drip (alternative brewing methods),light,beans,100% Arabica,Etiopia,250,39.2
141,11,250 g,Washed,drip (alternative brewing methods),light,beans,100% Arabica,Kenia,250,44
142,11,250 g,Natural,drip (alternative brewing methods),light,beans,100% Arabica,Kostaryka,250,44
143,15.8,200 g,Honey,drip (alternative brewing methods),light,beans,100% Arabica,Kostaryka,200,79
144,11,250 g,Natural,drip (alternative brewing methods),light,beans,100% Arabica,Nikaragua,250,44
145,13.8,250 g,Anaerobic natural,drip (alternative brewing methods),light,beans,100% Arabica,Salwador,250,55.2
146,11,250 g,Natural,drip (alternative brewing methods),light,beans,100% Arabica,Uganda,250,44
147,8.03,250 g,Natural,drip (alternative brewing methods),light,beans,100% Arabica,Uganda,250,32.12
148,11.4,250 g,Natural,drip (alternative brewing methods),light,beans,100% Arabica,Brazylia,250,45.6
149,11,250 g,Washed,drip (alternative brewing methods),light,beans,100% Arabica,Burundi,250,44
150,12,250 g,Natural,drip (alternative brewing methods),light,beans,100% Arabica,Burundi,250,48
151,11.2,250 g,Washed,drip (alternative brewing methods),light,beans,100% Arabica,Etiopia,250,44.8
152,10,250 g,Washed,drip (alternative brewing methods),light,beans,100% Arabica,Kenia,250,40
153,15,250 g,Natural,drip (alternative brewing methods),light,beans,100% Arabica,Kolumbia,250,60
154,10,250 g,Natural,drip (alternative brewing methods),light,beans,100% Arabica,Salwador,250,40
155,10,250 g,Washed,drip (alternative brewing methods),light,beans,100% Arabica,Gwatemala,250,40
156,10.6,250 g,Washed,drip (alternative brewing methods),light,beans,100% Arabica,Honduras,250,42.4
157,13.4,250 g,Washed,drip (alternative brewing methods),light,beans,100% Arabica,Kenia,250,53.6
158,8.6,250 g,Washed,drip (alternative brewing methods),light,beans,100% Arabica,Kolumbia,250,34.4
159,9,200 g,Natural,drip (alternative brewing methods),light,beans,100% Arabica,Brazylia,200,45
160,9.4,200 g,Washed,drip (alternative brewing methods),light,beans,100% Arabica,Kolumbia,200,47
161,7.6,200 g,Washed,drip (alternative brewing methods),light,beans,100% Arabica,Etiopia,200,38
162,15.68,200 g,Anaerobic,drip (alternative brewing methods),light,beans,100% Arabica,Kolumbia,200,78.4
163,13.86,200 g,Rum Aged,drip (alternative brewing methods),light,beans,100% Arabica,Kolumbia,200,69.3
164,6.6,125 g,Macerated Natural,drip (alternative brewing methods),light,beans,100% Arabica,Honduras,125,52.8
165,6.6,125 g,Macerated Natural,drip (alternative brewing methods),light,beans,100% Arabica,Honduras,125,52.8
166,22,250 g,Anaerobic,drip (alternative brewing methods),light,beans,100% Arabica,Salwador,250,88
167,14.6,250 g,Washed,drip (alternative brewing methods),light,beans,100% Arabica,Boliwia,250,58.4
168,15,200 g,Natural,drip (alternative brewing methods),light,beans,100% Arabica,Panama,200,75
169,17.8,200 g,Washed,drip (alternative brewing methods),light,beans,100% Arabica,Kolumbia,200,89
170,16.4,200 g,Washed,drip (alternative brewing methods),light,beans,100% Arabica,Kolumbia,200,82
171,14.6,200 g,CRYO,drip (alternative brewing methods),light,beans,100% Arabica,Brazylia,200,73
172,12,250 g,Natural,drip (alternative brewing methods),light,beans,100% Arabica,Burundi,250,48
173,11.6,250 g,Washed,drip (alternative brewing methods),light,beans,100% Arabica,Kolumbia,250,46.4
174,13,250 g,Yeast Process,drip (alternative brewing methods),light,beans,100% Arabica,Salwador,250,52
175,12,250 g,Natural,drip (alternative brewing methods),light,beans,100% Arabica,Rwanda,250,48
176,6.6,250 g,Pulped natural,drip (alternative brewing methods),medium,beans,100% Arabica,Brazylia,250,26.4
177,11.8,250 g,Washed,drip (alternative brewing methods),light,beans,100% Arabica,Kostaryka,250,47.2
178,9.8,250 g,Natural,drip (alternative brewing methods),light,beans,100% Arabica,Etiopia,250,39.2
179,10,250 g,Washed,drip (alternative brewing methods),light,beans,100% Arabica,Peru,250,40
180,11.8,250 g,Washed,drip (alternative brewing methods),light,beans,100% Arabica,Etiopia,250,47.2
181,8.26,250 g,Washed,drip (alternative brewing methods),light,beans,100% Arabica,Etiopia,250,33.04
182,13.6,250 g,Natural,drip (alternative brewing methods),light,beans,100% Arabica,Indonezja,250,54.4
183,11.8,250 g,Washed,drip (alternative brewing methods),light,beans,100% Arabica,Etiopia,250,47.2
184,11.6,250 g,Anaerobic,drip (alternative brewing methods),light,beans,100% Arabica,Honduras,250,46.4
185,12,250 g,Washed i natural,drip (alternative brewing methods),light,beans,100% Arabica,Kolumbia,250,48
186,11.6,250 g,Natural,drip (alternative brewing methods),light,beans,100% Arabica,Rwanda,250,46.4
187,9,250 g,Washed,drip (alternative brewing methods),light,beans,100% Arabica,Etiopia,250,36
188,9,250 g,Washed,drip (alternative brewing methods),light,beans,100% Arabica,Gwatemala,250,36
189,8.2,250 g,Washed,drip (alternative brewing methods),light,beans,100% Arabica,Honduras,250,32.8
190,9.8,250 g,Washed,drip (alternative brewing methods),light,beans,100% Arabica,Kenia,250,39.2
191,9,250 g,Honey,drip (alternative brewing methods),light,beans,100% Arabica,Kostaryka,250,36
192,9,250 g,Natural,drip (alternative brewing methods),light,beans,100% Arabica,Nikaragua,250,36
193,13.6,250 g,Washed,drip (alternative brewing methods),light,beans,100% Arabica,Kolumbia,250,54.4
194,8.4,250 g,Washed,drip (alternative brewing methods),light,beans,100% Arabica,Etiopia,250,33.6
195,11,250 g,Washed,drip (alternative brewing methods),light,beans,100% Arabica,Gwatemala,250,44
196,6.6,250 g,Natural,drip (alternative brewing methods),light,beans,100% Arabica,Brazylia,250,26.4
197,12.8,250 g,"Washed, Barrel Aged",drip (alternative brewing methods),light,beans,100% Arabica,Kolumbia,250,51.2
198,8.4,250 g,Washed,drip (alternative brewing methods),medium,beans,100% Arabica,Salwador,250,33.6
199,15.8,500 g,Natural,drip (alternative brewing methods),medium,beans,100% Arabica,Sumatra,500,31.6
200,8.4,250 g,Washed,drip (alternative brewing methods),light,beans,100% Arabica,Gwatemala,250,33.6
201,9.75,250 g,Washed,drip (alternative brewing methods),light,beans,100% Arabica,Kenia,250,39
202,10,250 g,Washed,drip (alternative brewing methods),light,beans,100% Arabica,Rwanda,250,40
203,11.8,250 g,Natural,drip (alternative brewing methods),light,beans,100% Arabica,Rwanda,250,47.2
204,1.2,10g,,drip (alternative brewing methods),light,ground,100% Arabica,Etiopia,10,120
205,7.2,7 x 10g,,drip (alternative brewing methods),light,ground,100% Arabica,Etiopia,70,102.86
206,1.2,10g,,drip (alternative brewing methods),light,ground,100% Arabica,Etiopia,10,120
207,7.2,7 x 10g,,drip (alternative brewing methods),light,ground,100% Arabica,Etiopia,70,102.86
208,1.2,10g,,drip (alternative brewing methods),light,ground,100% Arabica,Kolumbia,10,120
209,7.2,7 x 10g,,drip (alternative brewing methods),light,ground,100% Arabica,Kolumbia,70,102.86
210,5.76,7 x 10g,,drip (alternative brewing methods),light,ground,100% Arabica,Kolumbia,70,82.29
211,13.2,252 g,Natural,drip (alternative brewing methods),light,beans,100% Arabica,Brazylia,252,52.38
212,13,250 g,Washed,drip (alternative brewing methods),light,beans,100% Arabica,Burundi,250,52
213,12.4,250 g,Washed,drip (alternative brewing methods),light,beans,100% Arabica,Gwatemala,250,49.6
214,13.2,250 g,Honey,drip (alternative brewing methods),light,beans,100% Arabica,Nikaragua,250,52.8
215,11.52,8 x 11g,Natural,drip (alternative brewing methods),light,ground,100% Arabica,Etiopia,88,130.91
216,15,250 g,Washed,drip (alternative brewing methods),light,beans,100% Arabica,Kenia,250,60
217,15,250 g,Natural,drip (alternative brewing methods),light,beans,100% Arabica,Nikaragua,250,60
218,14.4,125 g,Natural,drip (alternative brewing methods),light,beans,100% Arabica,Panama,125,115.2
219,21.8,250 g,Natural,drip (alternative brewing methods),light,beans,100% Arabica,Etiopia,250,87.2
220,14.4,100 g,Natural,drip (alternative brewing methods),light,beans,100% Arabica,Etiopia,100,144
221,11.6,250 g,Semi-Carbonic Maceration,drip (alternative brewing methods),light,beans,100% Arabica,Brazylia,250,46.4
222,9.4,250 g,Natural,drip (alternative brewing methods),light,beans,100% Arabica,Brazylia,250,37.6
223,11.6,250 g,Washed,drip (alternative brewing methods),light,beans,100% Arabica,Etiopia,250,46.4
224,9.2,250 g,Monsooning,drip (alternative brewing methods),medium,beans,100% Arabica,Indie,250,36.8
225,10.8,250 g,Washed,drip (alternative brewing methods),light,beans,100% Arabica,Peru,250,43.2
226,10.6,250 g,Washed,drip (alternative brewing methods),light,beans,100% Arabica,Rwanda,250,42.4
227,23,2 x 200g,,drip (alternative brewing methods),light,beans,100% Arabica,Brazylia,400,57.5
228,15,250 g,Washed,drip (alternative brewing methods),light,beans,100% Arabica,Kenia,250,60
229,13.2,250 g,Washed,drip (alternative brewing methods),light,beans,100% Arabica,Honduras,250,52.8
230,13.8,250 g,Washed,drip (alternative brewing methods),light,beans,100% Arabica,Kenia,250,55.2
231,15.8,250 g,Washed,drip (alternative brewing methods),light,beans,100% Arabica,Kenia,250,63.2
232,10.2,250 g,Washed,drip (alternative brewing methods),light,beans,100% Arabica,Peru,250,40.8
233,12.6,250 g,Washed,drip (alternative brewing methods),light,beans,100% Arabica,Kenia,250,50.4
234,12.6,250 g,Natural,drip (alternative brewing methods),light,beans,100% Arabica,Kolumbia,250,50.4
235,27,1 kg,Washed,drip (alternative brewing methods),light,beans,100% Arabica,"Rwanda, inne",1000,27
236,11.6,250 g,Washed,drip (alternative brewing methods),light,beans,100% Arabica,Kenia,250,46.4
237,10.8,250 g,Washed,drip (alternative brewing methods),light,beans,100% Arabica,Rwanda,250,43.2
238,8.68,250 g,Washed,drip (alternative brewing methods),light,beans,100% Arabica,Kolumbia,250,34.72
239,8.68,250 g,Washed,drip (alternative brewing methods),light,beans,100% Arabica,Kolumbia,250,34.72
240,8.96,250 g,Red Honey,drip (alternative brewing methods),light,beans,100% Arabica,Indie,250,35.84
241,7.84,250 g,Washed,drip (alternative brewing methods),light,beans,100% Arabica,Rwanda,250,31.36
242,11,250 g,Washed,drip (alternative brewing methods),light,beans,100% Arabica,Gwatemala,250,44
243,10.8,250 g,Natural,drip (alternative brewing methods),light,beans,100% Arabica,Nikaragua,250,43.2
244,12,250 g,Washed,drip (alternative brewing methods),light,beans,100% Arabica,Rwanda,250,48
245,8.25,250 g,Washed,drip (alternative brewing methods),light,beans,100% Arabica,Gwatemala,250,33
246,6.4,125 g,Washed,drip (alternative brewing methods),light,beans,100% Arabica,Kolumbia,125,51.2
247,8.64,250 g,Natural,drip (alternative brewing methods),light,beans,100% Arabica,Nikaragua,250,34.56
248,5.04,8 x 11g,,drip (alternative brewing methods),light,ground,100% Arabica,Honduras,88,57.27
249,13.2,250 g,Natural,drip (alternative brewing methods),light,beans,100% Arabica,Rwanda,250,52.8
250,11.4,250 g,Washed,drip (alternative brewing methods),light,beans,100% Arabica,Rwanda,250,45.6
251,12,250 g,Anaerobic,drip (alternative brewing methods),light,beans,100% Arabica,Brazylia,250,48
252,9.6,250 g,Washed,drip (alternative brewing methods),light,beans,100% Arabica,Honduras,250,38.4
253,10,250 g,Washed,drip (alternative brewing methods),light,beans,100% Arabica,Kenia,250,40
254,10.4,250 g,Washed,drip (alternative brewing methods),light,beans,100% Arabica,Kenia,250,41.6
255,11.4,250 g,Washed,drip (alternative brewing methods),light,beans,100% Arabica,Kenia,250,45.6
256,10,250 g,Washed,drip (alternative brewing methods),light,beans,100% Arabica,Kenia,250,40
257,8.8,250 g,Washed,drip (alternative brewing methods),light,beans,100% Arabica,Peru,250,35.2
258,8.32,250 g,Natural,drip (alternative brewing methods),light,beans,100% Arabica,Kolumbia,250,33.28
259,7.2,250 g,Washed,drip (alternative brewing methods),light,beans,100% Arabica,"Papua Nowa Gwinea, Rwanda",250,28.8
260,9,200 g,Natural,drip (alternative brewing methods),light,beans,100% Arabica,Kolumbia,200,45
261,8.4,200 g,Washed,drip (alternative brewing methods),light,beans,100% Arabica,Kolumbia,200,42
262,9,200 g,Honey,drip (alternative brewing methods),light,beans,100% Arabica,Salwador,200,45
263,8.6,200 g,Washed,drip (alternative brewing methods),light,beans,100% Arabica,Rwanda,200,43
264,6.3,200 g,Natural,drip (alternative brewing methods),light,beans,100% Arabica,Indonezja,200,31.5
265,9.8,250 g,Natural,drip (alternative brewing methods),light,beans,100% Arabica,Brazylia,250,39.2
266,11.8,250 g,Natural,drip (alternative brewing methods),light,beans,100% Arabica,Chiny,250,47.2
267,12.4,250 g,Washed,drip (alternative brewing methods),light,beans,100% Arabica,Etiopia,250,49.6
268,9.8,250 g,Honey,drip (alternative brewing methods),light,beans,100% Arabica,Burundi,250,39.2
269,10.2,250 g,Washed,drip (alternative brewing methods),light,beans,100% Arabica,Etiopia,250,40.8
270,10.4,250 g,Washed,drip (alternative brewing methods),light,beans,100% Arabica,Kenia,250,41.6
271,10.2,250 g,Anaerobic,drip (alternative brewing methods),light,beans,100% Arabica,Rwanda,250,40.8
272,10,250 g,Natural,drip (alternative brewing methods),light,beans,100% Arabica,Etiopia,250,40
273,6.8,250 g,Washed,drip (alternative brewing methods),light,beans,100% Robusta,Indie,250,27.2
274,13.8,500 g,Washed,drip (alternative brewing methods),light,beans,100% Arabica,Kostaryka,500,27.6
275,13.8,500 g,Natural,drip (alternative brewing methods),light,beans,100% Arabica,Meksyk,500,27.6
276,9.2,250 g,Washed,drip (alternative brewing methods),light,beans,100% Arabica,Nikaragua,250,36.8
277,7.2,250 g,Natural,drip (alternative brewing methods),light,beans,100% Arabica,Brazylia,250,28.8
278,7,250 g,Washed,drip (alternative brewing methods),light,beans,100% Arabica,Etiopia,250,28
279,7,250 g,Washed,drip (alternative brewing methods),light,beans,100% Arabica,Gwatemala,250,28
280,11.8,250 g,Natural,drip (alternative brewing methods),light,beans,100% Arabica,Etiopia,250,47.2
281,11.6,250 g,Washed,drip (alternative brewing methods),light,beans,100% Arabica,Kenia,250,46.4
282,11.8,250 g,Natural,drip (alternative brewing methods),light,beans,100% Arabica,Peru,250,47.2
283,11.4,250 g,Washed,drip (alternative brewing methods),light,beans,100% Arabica,Peru,250,45.6
284,11.4,250 g,Washed,drip (alternative brewing methods),light,beans,100% Arabica,Rwanda,250,45.6
285,8.85,250 g,Natural,drip (alternative brewing methods),light,beans,100% Arabica,Peru,250,35.4
286,8.55,250 g,Washed,drip (alternative brewing methods),light,beans,100% Arabica,Peru,250,34.2
287,8.55,250 g,Washed,drip (alternative brewing methods),light,beans,100% Arabica,Rwanda,250,34.2
288,8,250 g,Natural,drip (alternative brewing methods),light,beans,100% Arabica,Salwador,250,32
289,7.8,250 g,Red Honey,drip (alternative brewing methods),light,beans,100% Arabica,Salwador,250,31.2
290,8.6,250 g,Honey,drip (alternative brewing methods),light,beans,100% Arabica,Salwador,250,34.4
291,7.8,250 g,Natural,drip (alternative brewing methods),light,beans,100% Arabica,Etiopia,250,31.2
292,12.4,250 g,Washed,drip (alternative brewing methods),light,beans,100% Arabica,Gwatemala,250,49.6
293,6.4,250 g,Washed,drip (alternative brewing methods),light,beans,100% Arabica,Meksyk,250,25.6
294,8.4,250 g,Natural,drip (alternative brewing methods),light,beans,100% Arabica,Mjanma,250,33.6
295,6.6,250 g,Natural,drip (alternative brewing methods),light,beans,100% Arabica,Kostaryka,250,26.4
296,6.45,250 g,Honey,drip (alternative brewing methods),light,beans,100% Arabica,Salwador,250,25.8
297,5.85,250 g,Natural,drip (alternative brewing methods),light,beans,100% Arabica,Gwatemala,250,23.4
298,6.3,250 g,Honey,drip (alternative brewing methods),light,beans,100% Arabica,Honduras,250,25.2
299,11.8,300 g,Natural,drip (alternative brewing methods),light,beans,100% Arabica,Rwanda,300,39.33
300,15,250 g,Natural,drip (alternative brewing methods),light,beans,100% Arabica,Kolumbia,250,60
301,9.75,250 g,Natural,drip (alternative brewing methods),light,beans,100% Arabica,Kolumbia,250,39
302,9,250 g,Natural,drip (alternative brewing methods),light,beans,100% Arabica,Kostaryka,250,36
303,8.25,250 g,Washed,drip (alternative brewing methods),light,beans,100% Arabica,Rwanda,250,33
304,14,250 g,Natural,drip (alternative brewing methods),light,beans,100% Arabica,Etiopia,250,56
305,16.4,250 g,Washed,drip (alternative brewing methods),light,beans,100% Arabica,Kenia,250,65.6
306,13.4,250 g,Natural,drip (alternative brewing methods),light,beans,100% Arabica,Salwador,250,53.6
307,11.6,250 g,Natural,drip (alternative brewing methods),light,beans,100% Arabica,Etiopia,250,46.4
308,9.28,250 g,Washed,drip (alternative brewing methods),light,beans,100% Arabica,Kolumbia,250,37.12
309,9.38,250 g,Natural,drip (alternative brewing methods),light,beans,100% Arabica,Salwador,250,37.52
310,8.4,250 g,Honey,drip (alternative brewing methods),light,beans,100% Arabica,Brazylia,250,33.6
311,9.4,250 g,Washed,drip (alternative brewing methods),light,beans,100% Arabica,Demokratyczna Republika Konga,250,37.6
312,9.4,250 g,Red Honey,drip (alternative brewing methods),light,beans,100% Arabica,Etiopia,250,37.6
313,10.2,250 g,Natural,drip (alternative brewing methods),light,beans,100% Arabica,Etiopia,250,40.8
314,10,250 g,Semi-washed,drip (alternative brewing methods),light,beans,100% Arabica,Kolumbia,250,40
315,9,250 g,Natural,drip (alternative brewing methods),light,beans,100% Arabica,Papua Nowa Gwinea,250,36
316,9,250 g,Washed,drip (alternative brewing methods),light,beans,100% Arabica,Tanzania,250,36
317,6.6,250 g,Natural,drip (alternative brewing methods),light,beans,100% Arabica,Honduras,250,26.4
318,7.8,250 g,Pulped natural,drip (alternative brewing methods),light,beans,100% Arabica,Brazylia,250,31.2
319,11,250 g,Aerobic Fermentation in Piles,drip (alternative brewing methods),light,beans,100% Arabica,Brazylia,250,44
320,13,250 g,Experimental Anaerobic,drip (alternative brewing methods),light,beans,100% Arabica,Gwatemala,250,52
321,10.6,250 g,Red Honey,drip (alternative brewing methods),light,beans,100% Arabica,Honduras,250,42.4
322,5.8,250 g,Washed,drip (alternative brewing methods),light,beans,100% Arabica,Peru,250,23.2
323,9.49,250 g,Washed,drip (alternative brewing methods),light,beans,100% Arabica,Boliwia,250,37.96
324,13.6,250 g,Natural,drip (alternative brewing methods),light,beans,100% Arabica,Boliwia,250,54.4
325,9.52,250 g,Washed,drip (alternative brewing methods),light,beans,100% Arabica,Honduras,250,38.08
326,8.96,250 g,Natural,drip (alternative brewing methods),light,beans,100% Arabica,Kolumbia,250,35.84
327,8.4,250 g,Washed,drip (alternative brewing methods),light,beans,100% Arabica,Peru,250,33.6
328,10,,Washed,drip (alternative brewing methods),light,beans,100% Arabica,Indonezja,0,0
329,12,250 g,Washed,drip (alternative brewing methods),light,beans,100% Arabica,Kenia,250,48
330,8.4,250 g,Washed,drip (alternative brewing methods),light,beans,100% Arabica,Kolumbia,250,33.6
331,8.64,250 g,Washed,drip (alternative brewing methods),light,beans,100% Arabica,Gwatemala,250,34.56
332,12,250 g,Washed,drip (alternative brewing methods),light,beans,100% Arabica,Gwatemala,250,48
333,19.8,6 x 55g,,drip (alternative brewing methods),light,beans,100% Arabica,,330,60
334,11.85,200 g,Honey,drip (alternative brewing methods),light,beans,100% Arabica,Kostaryka,200,59.25
335,6.75,250 g,Washed,drip (alternative brewing methods),light,beans,100% Arabica,Peru,250,27
336,10.07,250 g,Anaerobic natural,drip (alternative brewing methods),light,beans,100% Arabica,Salwador,250,40.28
337,17,250 g,Natural,drip (alternative brewing methods),light,beans,100% Arabica,Meksyk,250,68
338,12.4,500 g,,drip (alternative brewing methods),medium,beans,100% Arabica,"Brazylia, Etiopia",500,24.8
339,11.4,250 g,Honey,drip (alternative brewing methods),light,beans,100% Arabica,Brazylia,250,45.6
340,12.8,250 g,Anaerobic,drip (alternative brewing methods),light,beans,100% Arabica,Burundi,250,51.2
341,13.6,250 g,Washed,drip (alternative brewing methods),light,beans,100% Arabica,Salwador,250,54.4
342,7.2,200 g,Washed,drip (alternative brewing methods),light,beans,100% Arabica,Kostaryka,200,36
343,13.8,250 g,Natural,drip (alternative brewing methods),light,beans,100% Arabica,Etiopia,250,55.2
344,7.6,200 g,Washed,drip (alternative brewing methods),light,beans,100% Arabica,Gwatemala,200,38
345,12.4,200 g,Closed Tank Fermentation,drip (alternative brewing methods),light,beans,100% Arabica,Indonezja,200,62
346,16,125 g,Carbonic Maceration,drip (alternative brewing methods),light,beans,100% Arabica,Gwatemala,125,128
347,16,125 g,Carbonic Maceration,drip (alternative brewing methods),light,beans,100% Arabica,Gwatemala,125,128
348,8,125 g,Washed,drip (alternative brewing methods),light,beans,100% Arabica,Kolumbia,125,64
349,16,200 g,Washed,drip (alternative brewing methods),light,beans,100% Arabica,Kolumbia,200,80
350,15,250 g,Natural,drip (alternative brewing methods),light,beans,100% Arabica,Salwador,250,60
351,16,200 g,Natural,drip (alternative brewing methods),light,beans,100% Arabica,Panama,200,80
352,16.4,250 g,Natural,drip (alternative brewing methods),light,beans,100% Arabica,Kostaryka,250,65.6
353,19.8,200 g,Rum Aged,drip (alternative brewing methods),light,beans,100% Arabica,Kolumbia,200,99
354,18,200 g,Washed Double Anaerobic,drip (alternative brewing methods),light,beans,100% Arabica,Kolumbia,200,90
355,22.4,200 g,Anaerobic,drip (alternative brewing methods),light,beans,100% Arabica,Kolumbia,200,112
356,12.4,250 g,Anaerobic,drip (alternative brewing methods),light,beans,100% Arabica,Salwador,250,49.6
357,9.3,250 g,Anaerobic,drip (alternative brewing methods),light,beans,100% Arabica,Salwador,250,37.2
358,9.2,250 g,Washed,drip (alternative brewing methods),light,beans,100% Arabica,Gwatemala,250,36.8
359,9.2,250 g,Washed,drip (alternative brewing methods),light,beans,100% Arabica,Rwanda,250,36.8
360,7.8,250 g,Washed,drip (alternative brewing methods),light,beans,100% Arabica,Tanzania,250,31.2
361,9,250 g,Washed,drip (alternative brewing methods),light,beans,100% Arabica,Gwatemala,250,36
362,10.2,250 g,Washed,drip (alternative brewing methods),light,beans,100% Arabica,Rwanda,250,40.8
363,6.3,250 g,Washed,drip (alternative brewing methods),light,beans,100% Arabica,Gwatemala,250,25.2
364,7.14,250 g,Washed,drip (alternative brewing methods),light,beans,100% Arabica,Rwanda,250,28.56
365,12.8,250 g,Washed,drip (alternative brewing methods),light,beans,100% Arabica,Burundi,250,51.2
366,13.2,250 g,Washed,drip (alternative brewing methods),light,beans,100% Arabica,Kenia,250,52.8
367,13.8,250 g,Natural,drip (alternative brewing methods),light,beans,100% Arabica,Boliwia,250,55.2
368,13.2,250 g,Washed,drip (alternative brewing methods),light,beans,100% Arabica,Etiopia,250,52.8
369,12.6,250 g,Washed,drip (alternative brewing methods),light,beans,100% Arabica,Gwatemala,250,50.4
370,13.2,250 g,Washed,drip (alternative brewing methods),light,beans,100% Arabica,Kolumbia,250,52.8
371,13.8,250 g,Washed,drip (alternative brewing methods),light,beans,100% Arabica,Salwador,250,55.2
372,15,250 g,Washed,drip (alternative brewing methods),light,beans,100% Arabica,Etiopia,250,60
373,9,250 g,Washed,drip (alternative brewing methods),light,beans,100% Arabica,Gwatemala,250,36
374,9,250 g,Washed,drip (alternative brewing methods),light,beans,100% Arabica,Gwatemala,250,36
375,9,250 g,Washed,drip (alternative brewing methods),light,beans,100% Arabica,Kenia,250,36
376,12,250 g,Anaerobic,drip (alternative brewing methods),light,beans,100% Arabica,Kolumbia,250,48
377,9.6,250 g,Natural,drip (alternative brewing methods),light,beans,100% Arabica,Etiopia,250,38.4
378,10,250 g,Washed,drip (alternative brewing methods),light,beans,100% Arabica,Kenia,250,40
379,9,250 g,Natural,drip (alternative brewing methods),light,beans,100% Arabica,Kostaryka,250,36
380,6.3,200 g,Washed,drip (alternative brewing methods),light,beans,100% Arabica,Etiopia,200,31.5
381,13.4,,Washed,drip (alternative brewing methods),light,beans,100% Arabica,Kolumbia,0,0
382,8.8,250 g,Natural,drip (alternative brewing methods),light,beans,100% Arabica,Brazylia,250,35.2
383,14.8,500 g,,"drip, espresso",dark,beans,100% Arabica,,500,29.6
384,15.8,500 g,,"drip, espresso",medium,beans,100% Arabica,,500,31.6
385,11,500 g,,"drip, espresso",medium,ground,100% Arabica,,500,22
386,11.4,250 g,Natural,"drip, espresso",medium,beans,100% Arabica,Etiopia,250,45.6
387,7.2,250 g,,"drip, espresso",medium,ground,100% Arabica,,250,28.8
388,4.8,250 g,,"drip, espresso",medium,ground,100% Arabica,,250,19.2
389,4.8,250 g,,"drip, espresso",medium,beans,100% Arabica,,250,19.2
390,11,500 g,,"drip, espresso",medium,beans,100% Arabica,,500,22
391,7.2,200 g,Washed,"drip, espresso",medium,beans,100% Arabica,Honduras,200,36
392,11.2,250 g,Natural,"drip, espresso",light,beans,100% Arabica,Brazylia,250,44.8
393,11.2,250 g,Natural,"drip, espresso",medium,beans,100% Arabica,Brazylia,250,44.8
394,9.6,250 g,Natural,"drip, espresso",medium,beans,100% Arabica,Brazylia,250,38.4
395,11.8,250 g,Washed,"drip, espresso",medium,beans,100% Arabica,Kolumbia,250,47.2
396,13.6,250 g,Washed,"drip, espresso",light,beans,100% Arabica,Malawi,250,54.4
397,12,250 g,Washed,"drip, espresso",light,beans,100% Arabica,Rwanda,250,48
398,12.4,250 g,Natural,"drip, espresso",medium,beans,100% Arabica,Brazylia,250,49.6
399,9.8,250 g,Washed,"drip, espresso",medium,beans,100% Arabica,Gwatemala,250,39.2
400,5.6,250 g,Natural,"drip, espresso",medium,beans,100% Arabica,Brazylia,250,22.4
401,6.4,250 g,Washed,"drip, espresso",medium,beans,100% Arabica,Gwatemala,250,25.6
402,7,250 g,Wet-hulling,"drip, espresso",medium,beans,100% Arabica,Indonezja,250,28
403,8.4,250 g,,"drip, espresso",medium,beans,100% Arabica,Meksyk,250,33.6
404,10.2,250 g,Washed,"drip, espresso",medium,beans,100% Arabica,Kolumbia,250,40.8
405,11.4,250 g,Natural,"drip, espresso",medium,beans,100% Arabica,Kolumbia,250,45.6
406,11.8,250 g,Washed,"drip, espresso",medium,beans,100% Arabica,Etiopia,250,47.2
407,12.8,250 g,Natural,"drip, espresso",medium,beans,100% Arabica,Rwanda,250,51.2
408,13.2,250 g,,"drip, espresso",medium,beans,100% Arabica,Gwatemala,250,52.8
409,13,250 g,Natural,"drip, espresso",medium,beans,100% Arabica,Brazylia,250,52
410,16.6,250 g,Washed,"drip, espresso",light,beans,100% Arabica,Burundi,250,66.4
411,15.4,250 g,Washed,"drip, espresso",light,beans,100% Arabica,Kolumbia,250,61.6
412,21.8,150 g,Natural,"drip, espresso",light,beans,100% Arabica,Brazylia,150,145.33
413,13.6,200 g,Semi-Washed Kombucha Experiment,"drip, espresso",medium,beans,100% Arabica,Salwador,200,68
414,9.4,250 g,Pulped natural,"drip, espresso",medium,beans,100% Arabica,Brazylia,250,37.6
415,12.6,250 g,Washed,"drip, espresso",medium,beans,100% Arabica,Kenia,250,50.4
416,12.8,250 g,Natural,"drip, espresso",medium,beans,100% Arabica,Rwanda,250,51.2
417,20.86,200 g,Anaerobic,"drip, espresso",medium,beans,100% Arabica,Kolumbia,200,104.3
418,14.98,500 g,,"drip, espresso",dark,beans,100% Arabica,,500,29.96
419,14.8,500 g,,"drip, espresso",medium,beans,100% Arabica,,500,29.6
420,17.8,1 kg,,"drip, espresso",medium,beans,100% Arabica,,1000,17.8
421,11.8,250 g,Washed,"drip, espresso",medium,beans,100% Arabica,Honduras,250,47.2
422,5.76,200 g,Washed,"drip, espresso",medium,beans,100% Arabica,Honduras,200,28.8
423,12,250 g,Washed,"drip, espresso",medium,beans,100% Arabica,Etiopia,250,48
424,11.4,250 g,Washed,"drip, espresso",medium,beans,100% Arabica,Kolumbia,250,45.6
425,14.8,250 g,Natural,"drip, espresso",medium,beans,100% Arabica,Kostaryka,250,59.2
426,14.8,250 g,Yellow Honey,"drip, espresso",medium,beans,100% Arabica,Kostaryka,250,59.2
427,25.8,400 g,Natural,"drip, espresso",light,beans,100% Arabica,Etiopia,400,64.5
428,8.8,250 g,,"drip, espresso",medium,beans,100% Arabica,"Etiopia, Gwatemala",250,35.2
429,10.8,250 g,Black Honey,"drip, espresso",medium,beans,100% Arabica,Gwatemala,250,43.2
430,6.4,250 g,Natural,"drip, espresso",medium,beans,100% Arabica,Brazylia,250,25.6
431,5.4,250 g,Washed,"drip, espresso",medium,beans,100% Arabica,Kolumbia,250,21.6
432,4.8,250 g,Washed,"drip, espresso",medium,beans,100% Arabica,Gwatemala,250,19.2
433,12,250 g,Washed,"drip, espresso",light,beans,100% Arabica,Kenia,250,48
434,10.4,250 g,Anaerobic natural,"drip, espresso",medium,beans,100% Arabica,Brazylia,250,41.6
435,12.4,250 g,Washed,"drip, espresso",medium,beans,100% Arabica,Kolumbia,250,49.6
436,11.6,250 g,Natural,"drip, espresso",medium,beans,100% Arabica,Kolumbia,250,46.4
437,10.53,250 g,Washed,"drip, espresso",medium,beans,100% Arabica,Nikaragua,250,42.12
438,13.4,250 g,Washed,"drip, espresso",medium,beans,100% Arabica,Burundi,250,53.6
439,9.8,250 g,Natural,"drip, espresso",medium,beans,100% Arabica,Brazylia,250,39.2
440,12.4,250 g,Honey,"drip, espresso",medium,beans,100% Arabica,Gwatemala,250,49.6
441,14.6,250 g,Natural,"drip, espresso",medium,beans,100% Arabica,Gwatemala,250,58.4
442,14,250 g,Washed,"drip, espresso",medium,beans,100% Arabica,Kenia,250,56
443,12.4,250 g,Washed,"drip, espresso",medium,beans,100% Arabica,Rwanda,250,49.6
444,11.4,250 g,Honey,"drip, espresso",medium,beans,100% Arabica,Indonezja,250,45.6
445,16.4,250 g,Washed,"drip, espresso",medium,beans,100% Arabica,Etiopia,250,65.6
446,19.6,250 g,Natural,"drip, espresso",medium,beans,100% Arabica,Etiopia,250,78.4
447,29.8,200 g,Anaerobic,"drip, espresso",medium,beans,100% Arabica,Kolumbia,200,149
448,12.8,200 g,Hybrid Natural,"drip, espresso",medium,beans,100% Arabica,Kolumbia,200,64
449,11.6,250 g,Black Honey,"drip, espresso",medium,beans,100% Arabica,Salwador,250,46.4
450,11.8,200 g,Natural,"drip, espresso",medium,beans,100% Arabica,Salwador,200,59
451,9.2,250 g,Washed,"drip, espresso",medium,beans,100% Arabica,Etiopia,250,36.8
452,8.7,250 g,Black Honey,"drip, espresso",medium,beans,100% Arabica,Salwador,250,34.8
453,10,250 g,Fermentacja kontrolowana,"drip, espresso",medium,beans,100% Arabica,Brazylia,250,40
454,8.4,250 g,Natural,"drip, espresso",medium,beans,100% Arabica,Rwanda,250,33.6
455,27.8,1 kg,Natural,espresso,medium,beans,100% Arabica,Uganda,1000,27.8
456,8.6,250 g,Natural,espresso,medium,beans,100% Arabica,Uganda,250,34.4
457,15.8,500 g,,espresso,medium,beans,100% Arabica,,500,31.6
458,19.8,1 kg,,espresso,medium,beans,85/15,Italy,1000,19.8
459,6.4,250 g,,espresso,medium,beans,85/15,Italy,250,25.6
460,13,500 g,,espresso,medium,beans,100% Arabica,,500,26
461,15.8,1 kg,,espresso,medium,beans,50/50,,1000,15.8
462,19.8,1 kg,,espresso,medium,beans,75/25,Italy,1000,19.8
463,6.38,250 g,,espresso,medium,beans,75/25,Italy,250,25.52
464,25,1 kg,,espresso,medium,beans,100% Arabica,,1000,25
465,7.2,250 g,,espresso,medium,beans,100% Arabica,,250,28.8
466,15,500 g,,espresso,medium,beans,100% Arabica,Peru,500,30
467,7,250 g,,espresso,medium,ground,100% Arabica,,250,28
468,21.8,1 kg,,espresso,medium,beans,100% Arabica,,1000,21.8
469,5.8,250 g,,espresso,medium,beans,100% Arabica,Italy,250,23.2
470,12,500 g,Natural,espresso,medium,beans,100% Arabica,Brazylia,500,24
471,24,1 kg,Washed,espresso,medium,beans,100% Arabica,,1000,24
472,12.4,500 g,Washed,espresso,medium,beans,100% Arabica,,500,24.8
473,31.6,1 kg,Washed,espresso,medium,beans,100% Arabica,Peru,1000,31.6
474,10,250 g,Washed,espresso,medium,beans,100% Arabica,Peru,250,40
475,5.2,250 g,Natural,espresso,medium,beans,100% Arabica,Brazylia,250,20.8
476,9.2,500 g,,espresso,dark,beans,100% Arabica,,500,18.4
477,24.6,5 x 250g,,espresso,medium,beans,,,1250,19.68
478,5.78,250 g,,espresso,dark,beans,100% Arabica,,250,23.12
479,5.98,250 g,,espresso,dark,beans,100% Arabica,,250,23.92
480,17.8,1 kg,,espresso,dark,beans,100% Arabica,,1000,17.8
481,13.8,500 g,,espresso,medium,beans,60/40,,500,27.6
482,16,500 g,,espresso,medium,beans,100% Arabica,"Brazylia, Burundi, Peru",500,32
483,12.98,1 kg,,espresso,dark,beans,80/20,,1000,12.98
484,15.98,1 kg,,espresso,dark,beans,100% Arabica,,1000,15.98
485,21.8,1 kg,Natural,espresso,medium,beans,100% Arabica,Brazylia,1000,21.8
486,5.6,250 g,Natural,espresso,medium,beans,100% Arabica,Brazylia,250,22.4
487,25.8,1 kg,Natural,espresso,medium,beans,100% Arabica,Brazylia,1000,25.8
488,7,250 g,Natural,espresso,medium,beans,100% Arabica,Brazylia,250,28
489,7.4,250 g,Natural,espresso,medium,beans,100% Arabica,"Etiopia, Brazylia",250,29.6
490,19.98,1 kg,,espresso,dark,beans,100% Arabica,Italy,1000,19.98
491,17.98,1 kg,,espresso,dark,beans,100% Arabica,,1000,17.98
492,9.4,250 g,Washed,espresso,medium,beans,100% Arabica,"Salwador, Nikaragua",250,37.6
493,18.4,1 kg,,espresso,dark,beans,60/40,,1000,18.4
494,6.4,250 g,Natural,espresso,medium,beans,100% Arabica,Brazylia,250,25.6
495,26,1 kg,Washed,espresso,medium,beans,100% Arabica,Gwatemala,1000,26
496,7,250 g,Washed,espresso,medium,beans,100% Arabica,Gwatemala,250,28
497,5.2,250 g,Washed,espresso,medium,beans,100% Arabica,Gwatemala,250,20.8
498,7.98,500 g,,espresso,,ground,100% Arabica,Brazylia,500,15.96
499,7,250 g,,espresso,dark,ground,80/20,,250,28
500,23.8,1 kg,,espresso,dark,beans,100% Arabica,,1000,23.8
501,13.8,1 kg,,espresso,dark,beans,75/25,,1000,13.8
502,11.8,1 kg,,espresso,dark,beans,75/25,,1000,11.8
503,7,500 g,,espresso,dark,beans,75/25,,500,14
504,22,1 kg,,espresso,dark,beans,90/10,,1000,22
505,3.8,250 g,,espresso,dark,ground,100% Arabica,,250,15.2
506,5,200 g,,espresso,dark,beans,100% Arabica,,200,25
507,22.8,1 kg,,espresso,dark,beans,100% Arabica,,1000,22.8
508,11.8,500 g,,espresso,dark,beans,100% Arabica,,500,23.6
509,17.8,1 kg,,espresso,medium,beans,100% Arabica,"Etiopia, Kolumbia",1000,17.8
510,5,250 g,,espresso,medium,beans,100% Arabica,"Etiopia, Kolumbia",250,20
511,21.8,1 kg,Pulped natural,espresso,medium,beans,100% Arabica,Brazylia,1000,21.8
512,6.4,250 g,Pulped natural,espresso,medium,beans,100% Arabica,Brazylia,250,25.6
513,19,1 kg,Washed,espresso,medium,beans,100% Arabica,Kolumbia,1000,19
514,5.4,250 g,Washed,espresso,medium,beans,100% Arabica,Kolumbia,250,21.6
515,17.8,1 kg,Natural,espresso,medium,beans,100% Arabica,Etiopia,1000,17.8
516,5,250 g,Natural,espresso,medium,beans,100% Arabica,Etiopia,250,20
517,24,1 kg,Washed,espresso,medium,beans,100% Arabica,Etiopia,1000,24
518,7,250 g,Washed,espresso,medium,beans,100% Arabica,Etiopia,250,28
519,24,1 kg,Natural,espresso,medium,beans,100% Arabica,"Etiopia, Brazylia",1000,24
520,7,250 g,Natural,espresso,medium,beans,100% Arabica,"Etiopia, Brazylia",250,28
521,19,1 kg,Natural,espresso,medium,beans,100% Arabica,"Etiopia, Brazylia, Kolumbia",1000,19
522,5.4,250 g,Natural,espresso,medium,beans,100% Arabica,"Etiopia, Brazylia",250,21.6
523,19,1 kg,Natural,espresso,dark,beans,100% Arabica,"Etiopia, Brazylia, Kolumbia",1000,19
524,5.4,250 g,Natural,espresso,dark,beans,100% Arabica,"Etiopia, Brazylia, Kolumbia",250,21.6
525,4.32,250 g,Natural,espresso,medium,beans,100% Arabica,"Etiopia, Brazylia",250,17.28
526,31.8,1 kg,,espresso,medium,beans,100% Arabica,,1000,31.8
527,29.8,1 kg,,espresso,dark,beans,100% Arabica,"Brazylia, Etiopia",1000,29.8
528,7.8,250 g,,espresso,dark,beans,100% Arabica,"Brazylia, Etiopia",250,31.2
529,25,1 kg,Pulped natural,espresso,medium,beans,100% Arabica,Brazylia,1000,25
530,7.8,250 g,Pulped natural,espresso,medium,beans,100% Arabica,Brazylia,250,31.2
531,7.8,250 g,Natural,espresso,medium,ground,100% Arabica,Brazylia,250,31.2
532,19.8,1 kg,Natural,espresso,medium,beans,100% Arabica,Brazylia,1000,19.8
533,5.6,250 g,Natural,espresso,medium,beans,100% Arabica,Brazylia,250,22.4
534,17.6,1 kg,,espresso,dark,beans,80/20,"Brazylia, Indie",1000,17.6
535,4.8,250 g,,espresso,dark,beans,80/20,"Brazylia, Indie",250,19.2
536,9.2,500 g,,espresso,dark,beans,80/20,"Brazylia, Indie",500,18.4
537,23.8,1 kg,,espresso,medium,beans,100% Arabica,"Brazylia, Gwatemala, Etiopia",1000,23.8
538,6.4,250 g,,espresso,medium,beans,100% Arabica,"Brazylia, Gwatemala, Etiopia",250,25.6
539,12.4,500 g,,espresso,medium,beans,100% Arabica,"Brazylia, Gwatemala, Etiopia",500,24.8
540,19,1 kg,Natural,espresso,medium,beans,100% Arabica,Brazylia,1000,19
541,10.2,500 g,Natural,espresso,medium,beans,100% Arabica,Brazylia,500,20.4
542,25.8,1 kg,Natural,espresso,medium,beans,100% Arabica,Brazylia,1000,25.8
543,7.2,250 g,Natural,espresso,medium,beans,100% Arabica,Brazylia,250,28.8
544,12.6,500 g,Washed,espresso,medium,beans,100% Arabica,Gwatemala,500,25.2
545,31,1 kg,Washed i natural,espresso,medium,beans,100% Arabica,Etiopia,1000,31
546,8.4,250 g,Washed i natural,espresso,medium,beans,100% Arabica,Etiopia,250,33.6
547,23.6,1 kg,,espresso,medium,beans,100% Arabica,"Brazylia, Gwatemala",1000,23.6
548,6.4,250 g,,espresso,medium,beans,100% Arabica,"Brazylia, Gwatemala",250,25.6
549,12,500 g,,espresso,medium,beans,100% Arabica,"Brazylia, Gwatemala",500,24
550,11.4,252 g,Washed,espresso,medium,beans,100% Arabica,Gwatemala,252,45.24
551,5.8,250 g,,espresso,dark,beans,100% Arabica,Brazylia,250,23.2
552,7,250 g,,espresso,dark,beans,100% Arabica,Kolumbia,250,28
553,5.98,250 g,,espresso,dark,beans,100% Arabica,Etiopia,250,23.92
554,5.98,250 g,,espresso,dark,beans,100% Arabica,Gwatemala,250,23.92
555,5.78,250 g,,espresso,dark,ground,100% Arabica,,250,23.12
556,5.78,250 g,,espresso,dark,ground,100% Arabica,,250,23.12
557,5.98,250 g,,espresso,dark,ground,100% Arabica,,250,23.92
558,5.98,250 g,,espresso,dark,beans,100% Arabica,,250,23.92
559,5.98,250 g,,espresso,dark,ground,100% Arabica,,250,23.92
560,5.78,250 g,,espresso,dark,beans,100% Arabica,,250,23.12
561,5.58,250 g,,espresso,dark,beans,92/8,,250,22.32
562,17.8,1 kg,,espresso,dark,beans,92/8,,1000,17.8
563,19.18,1 kg,,espresso,dark,beans,90/10,,1000,19.18
564,3.98,250 g,,espresso,dark,ground,100% Arabica,,250,15.92
565,3.58,250 g,,espresso,dark,ground,100% Arabica,,250,14.32
566,12.98,1 kg,,espresso,dark,beans,100% Arabica,,1000,12.98
567,3.58,250 g,,espresso,dark,beans,100% Arabica,,250,14.32
568,2.98,250 g,,espresso,dark,ground,50/50,,250,11.92
569,10.98,1 kg,,espresso,dark,beans,50/50,,1000,10.98
570,2.98,250 g,,espresso,dark,beans,50/50,,250,11.92
571,3.18,250 g,,espresso,dark,ground,80/20,,250,12.72
572,12.98,1 kg,,espresso,dark,beans,80/20,,1000,12.98
573,3.38,250 g,,espresso,dark,beans,80/20,,250,13.52
574,7.8,1 kg,,espresso,dark,beans,50/50,,1000,7.8
575,13.98,1 kg,,espresso,dark,beans,100% Arabica,,1000,13.98
576,13.98,1 kg,,espresso,dark,beans,70/30,,1000,13.98
577,15.4,1 kg,,espresso,dark,beans,90/10,,1000,15.4
578,31.8,1 kg,Natural,espresso,medium,beans,100% Arabica,Etiopia,1000,31.8
579,9.8,250 g,Natural,espresso,medium,beans,100% Arabica,Etiopia,250,39.2
580,13.8,1 kg,,espresso,medium,beans,100% Arabica,,1000,13.8
581,12.38,1 kg,,espresso,medium,beans,,,1000,12.38
582,12.38,1 kg,,espresso,medium,beans,100% Arabica,,1000,12.38
583,12.38,1 kg,,espresso,medium,beans,,,1000,12.38
584,12.38,1 kg,,espresso,medium,beans,,,1000,12.38
585,12.98,1 kg,,espresso,medium,beans,100% Arabica,,1000,12.98
586,6.38,500 g,,espresso,medium,beans,100% Arabica,,500,12.76
587,9.58,1 kg,,espresso,dark,beans,50/50,,1000,9.58
588,10.4,1 kg,,espresso,dark,beans,40/60,,1000,10.4
589,2.78,250 g,,espresso,dark,ground,,,250,11.12
590,10.98,1 kg,,espresso,dark,beans,60/40,,1000,10.98
591,10.98,1 kg,,espresso,dark,beans,100% Arabica,,1000,10.98
592,3.98,250 g,,espresso,dark,ground,100% Arabica,,250,15.92
593,3.98,250 g,,espresso,dark,ground,100% Arabica,,250,15.92
594,13.58,1 kg,,espresso,dark,beans,100% Arabica,,1000,13.58
595,2.98,250 g,,espresso,dark,ground,40/60,,250,11.92
596,2.98,250 g,,espresso,dark,beans,40/60,,250,11.92
597,5.98,500 g,,espresso,dark,beans,40/60,,500,11.96
598,9.98,1 kg,,espresso,dark,beans,40/60,,1000,9.98
599,12.98,1 kg,,espresso,dark,beans,90/10,,1000,12.98
600,19.98,1 kg,,espresso,dark,beans,78/22,"Brazylia, Indie",1000,19.98
601,18.4,1 kg,,espresso,dark,beans,85/15,,1000,18.4
602,5.98,250 g,,espresso,dark,beans,85/15,,250,23.92
603,5.98,250 g,Washed,espresso,dark,beans,100% Arabica,Peru,250,23.92
604,35.8,1 kg,Natural,espresso,dark,beans,100% Arabica,Salwador,1000,35.8
605,10.4,250 g,Natural,espresso,dark,beans,100% Arabica,Salwador,250,41.6
606,7.18,250 g,Washed,espresso,dark,beans,100% Arabica,Etiopia,250,28.72
607,7.18,250 g,Washed,espresso,dark,ground,100% Arabica,Etiopia,250,28.72
608,13.18,500 g,Washed,espresso,dark,beans,100% Arabica,Etiopia,500,26.36
609,23.98,1 kg,Washed,espresso,dark,beans,100% Arabica,"Etiopia, Gwatemala",1000,23.98
610,13.18,500 g,Washed,espresso,dark,beans,100% Arabica,"Etiopia, Gwatemala",500,26.36
611,19.98,1 kg,Washed,espresso,dark,beans,75/25,"Salwador, Indie",1000,19.98
612,5.05,250 g,,espresso,dark,beans,100% Arabica,Brazylia,250,20.2
613,9.34,250 g,Natural,espresso,dark,beans,100% Arabica,Salwador,250,37.36
614,5.98,250 g,,espresso,dark,ground,100% Arabica,,250,23.92
615,5.98,250 g,,espresso,dark,beans,100% Arabica,,250,23.92
616,5.98,250 g,,espresso,dark,ground,80/20,,250,23.92
617,5.98,250 g,,espresso,dark,beans,80/20,,250,23.92
618,13.98,1 kg,,espresso,dark,beans,60/40,,1000,13.98
619,21.8,1 kg,,espresso,dark,beans,90/10,,1000,21.8
620,11,1 kg,,espresso,dark,beans,60/40,,1000,11
621,16.4,1 kg,,espresso,dark,beans,55/45,,1000,16.4
622,6.2,250 g,,espresso,dark,ground,100% Arabica,,250,24.8
623,19.8,1 kg,,espresso,dark,beans,60/40,,1000,19.8
624,13.98,1 kg,,espresso,medium,beans,70/30,,1000,13.98
625,11.58,1 kg,,espresso,medium,beans,80/20,,1000,11.58
626,6.4,500 g,,espresso,medium,beans,80/20,,500,12.8
627,3.78,250 g,,espresso,medium,ground,70/30,,250,15.12
628,2.84,250 g,,espresso,medium,ground,60/40,,250,11.36
629,5.98,250 g,,espresso,medium,ground,100% Arabica,,250,23.92
630,4.98,250 g,,espresso,dark,ground,100% Arabica,,250,19.92
631,6.8,250 g,,espresso,medium,beans,100% Arabica,"Brazylia, Peru",250,27.2
632,9.8,250 g,,espresso,dark,beans,100% Arabica,,250,39.2
633,22.9,1 kg,Natural,espresso,medium,beans,100% Arabica,Rwanda,1000,22.9
634,33.8,250 g,,espresso,dark,beans,100% Arabica,,250,135.2
635,59.88,1 kg,,espresso,dark,beans,40/60,,1000,59.88
636,71.88,1 kg,,espresso,dark,beans,60/40,,1000,71.88
637,59.88,1 kg,,espresso,dark,beans,40/60,,1000,59.88
638,87.6,1 kg,,espresso,dark,beans,90/10,,1000,87.6
639,27,1 kg,,espresso,medium,,100% Arabica,,1000,27
640,26,1 kg,,espresso,medium,beans,100% Arabica,,1000,26
641,23.8,1 kg,,espresso,medium,beans,100% Arabica,,1000,23.8
642,22.8,1 kg,,espresso,medium,beans,100% Arabica,,1000,22.8
643,29.8,1 kg,,espresso,medium,beans,100% Arabica,"Kenia, Indie",1000,29.8
644,5.6,250 g,Natural,espresso,medium,beans,100% Arabica,Brazylia,250,22.4
645,19.8,1 kg,Natural,espresso,medium,beans,100% Arabica,Brazylia,1000,19.8
646,4.2,250 g,,espresso,dark,ground,,,250,16.8
647,9,500 g,,espresso,dark,beans,50/50,,500,18
648,3.8,250 g,,espresso,dark,ground,100% Arabica,,250,15.2
649,3.4,250 g,,espresso,medium,ground,100% Arabica,,250,13.6
650,3.4,250 g,,espresso,dark,ground,,,250,13.6
651,4.2,250 g,,espresso,dark,ground,50/50,,250,16.8
652,9,500 g,,espresso,dark,beans,50/50,,500,18
653,13.18,1 kg,,espresso,dark,beans,30/70,,1000,13.18
654,17.98,1 kg,,espresso,dark,beans,100% Arabica,,1000,17.98
655,15.98,1 kg,,espresso,dark,beans,60/40,,1000,15.98
656,17.18,1 kg,,espresso,dark,beans,75/25,,1000,17.18
657,11.98,1 kg,,espresso,dark,beans,Oct-90,,1000,11.98
658,8,250 g,Natural,espresso,medium,beans,100% Arabica,Brazylia,250,32
659,6.8,250 g,,espresso,medium,beans,100% Arabica,,250,27.2
660,7,250 g,Washed,espresso,medium,beans,100% Arabica,Chiny,250,28
661,6.4,250 g,Washed,espresso,medium,beans,100% Arabica,Kolumbia,250,25.6
662,20.4,1 kg,Natural,espresso,medium,beans,100% Arabica,Brazylia,1000,20.4
663,18.4,1 kg,Natural,espresso,medium,beans,100% Arabica,Brazylia,1000,18.4
664,5.4,250 g,Natural,espresso,medium,beans,100% Arabica,Brazylia,250,21.6
665,21.8,1 kg,Natural,espresso,medium,beans,100% Arabica,Brazylia,1000,21.8
666,5,250 g,Natural,espresso,medium,beans,100% Arabica,Brazylia,250,20
667,18.6,1 kg,Natural,espresso,medium,beans,100% Arabica,Brazylia,1000,18.6
668,5.4,250 g,Pulped natural,espresso,medium,beans,100% Arabica,Brazylia,250,21.6
669,20.4,1 kg,Pulped natural,espresso,medium,beans,100% Arabica,Brazylia,1000,20.4
670,18,500 g,Honey,espresso,medium,beans,100% Arabica,Kostaryka,500,36
671,5,200 g,,espresso,dark,beans,75/25,,200,25
672,6.4,250 g,,espresso,medium,beans,100% Arabica,"Brazylia, Gwatemala",250,25.6
673,21.8,1 kg,,espresso,medium,beans,100% Arabica,"Brazylia, Honduras",1000,21.8
674,6,250 g,,espresso,medium,beans,100% Arabica,"Brazylia, Honduras",250,24
675,6.8,250 g,Washed,espresso,dark,beans,100% Arabica,Gwatemala,250,27.2
676,7,250 g,Natural,espresso,medium,beans,100% Arabica,Uganda,250,28
677,22,1 kg,,espresso,medium,beans,100% Arabica,"Brazylia, Uganda",1000,22
678,6,250 g,Natural,espresso,medium,beans,100% Arabica,"Brazylia, Uganda",250,24
679,7.8,300 g,Natural,espresso,medium,beans,100% Arabica,Brazylia,300,26
680,6.6,250 g,Natural,espresso,medium,beans,100% Arabica,Brazylia,250,26.4
681,8,250 g,Washed i natural,espresso,medium,beans,100% Arabica,"Brazylia, Tanzania",250,32
682,20.8,1 kg,,espresso,medium,beans,100% Arabica,"Peru, Gwatemala",1000,20.8
683,7.2,250 g,,espresso,medium,beans,100% Arabica,"Peru, Gwatemala",250,28.8
684,25.2,1 kg,Washed,espresso,medium,beans,100% Arabica,Gwatemala,1000,25.2
685,7.2,250 g,Washed,espresso,medium,beans,100% Arabica,Gwatemala,250,28.8
686,5.2,250 g,Natural,espresso,medium,beans,100% Arabica,Brazylia,250,20.8
687,19,1 kg,Natural,espresso,dark,beans,100% Arabica,Brazylia,1000,19
688,5.2,250 g,Natural,espresso,dark,beans,100% Arabica,Brazylia,250,20.8
689,24,1 kg,Washed,espresso,medium,beans,100% Arabica,Gwatemala,1000,24
690,6.6,250 g,Washed,espresso,medium,beans,100% Arabica,Gwatemala,250,26.4
691,6.6,250 g,Washed,espresso,medium,ground,100% Arabica,Gwatemala,250,26.4
692,20,1 kg,,espresso,dark,beans,100% Arabica,"Brazylia, Gwatemala",1000,20
693,5.6,250 g,,espresso,dark,beans,100% Arabica,"Brazylia, Gwatemala",250,22.4
694,19.78,1 kg,,espresso,dark,beans,100% Arabica,,1000,19.78
695,11.8,1 kg,,espresso,dark,beans,92/8,,1000,11.8
696,9.98,1 kg,,espresso,dark,beans,80/20,,1000,9.98
697,10,250 g,Washed,espresso,medium,beans,100% Arabica,Gwatemala,250,40
698,8.4,250 g,,espresso,medium,,,,250,33.6
699,15.98,1 kg,,espresso,dark,beans,65/35,,1000,15.98
700,12.9,1 kg,,espresso,dark,beans,35/65,,1000,12.9
701,23.8,1 kg,Natural,espresso,medium,beans,100% Arabica,Brazylia,1000,23.8
702,6,250 g,Natural,espresso,medium,beans,100% Arabica,Brazylia,250,24
703,6.8,250 g,Natural,espresso,medium,beans,100% Arabica,Brazylia,250,27.2
704,23.8,1 kg,Washed,espresso,medium,beans,100% Arabica,Brazylia,1000,23.8
705,6.8,250 g,Washed,espresso,medium,beans,100% Arabica,Brazylia,250,27.2
706,9.8,250 g,Washed,espresso,medium,beans,100% Arabica,Peru,250,39.2
707,3.58,250 g,,espresso,dark,ground,100% Arabica,,250,14.32
708,6.78,500 g,,espresso,dark,beans,100% Arabica,,500,13.56
709,3.18,250 g,,espresso,dark,ground,100% Arabica,,250,12.72
710,4,250 g,,espresso,dark,beans,100% Arabica,,250,16
711,3.4,250 g,,espresso,dark,beans,100% Arabica,,250,13.6
712,15,1 kg,,espresso,dark,beans,100% Arabica,Brazylia,1000,15
713,13.98,1 kg,,espresso,dark,beans,70/30,Brazylia,1000,13.98
714,15,1 kg,,espresso,dark,beans,100% Arabica,Kolumbia,1000,15
715,14.6,1 kg,,espresso,dark,beans,100% Arabica,Nikaragua,1000,14.6
716,20.2,500 g,Natural,espresso,dark,beans,100% Arabica,Salwador,500,40.4
717,19,500 g,Natural,espresso,dark,beans,100% Arabica,Etiopia,500,38
718,31.8,1 kg,,espresso,dark,beans,100% Arabica,Etiopia,1000,31.8
719,9.8,250 g,,espresso,dark,beans,100% Arabica,Etiopia,250,39.2
720,9.4,250 g,Washed,espresso,dark,beans,100% Arabica,Kolumbia,250,37.6
721,18,500 g,Washed,espresso,dark,beans,100% Arabica,Kolumbia,500,36
722,14.4,500 g,Washed,espresso,dark,beans,100% Arabica,Peru,500,28.8
723,4.98,250 g,,espresso,dark,ground,100% Arabica,,250,19.92
724,21.8,1 kg,,espresso,medium,beans,100% Arabica,,1000,21.8
725,6,250 g,Natural,espresso,medium,beans,100% Arabica,Brazylia,250,24
726,6,250 g,Washed,espresso,medium,beans,100% Arabica,Kolumbia,250,24
727,21,1 kg,,espresso,dark,beans,100% Arabica,,1000,21
728,27,1 kg,,espresso,dark,beans,100% Arabica,,1000,27
729,14.98,1 kg,,espresso,medium,beans,80/20,,1000,14.98
730,9.6,250 g,Washed,espresso,medium,beans,100% Arabica,"Etiopia, Kolumbia",250,38.4
731,11.2,200 g,Natural,espresso,medium,beans,100% Arabica,Etiopia,200,56
732,23.8,500 g,Natural,espresso,medium,beans,100% Arabica,Etiopia,500,47.6
733,15,500 g,,espresso,medium,beans,100% Arabica,"Brazylia, Kolumbia",500,30
734,17.6,500 g,Washed,espresso,medium,beans,100% Arabica,Kolumbia,500,35.2
735,6.2,250 g,,espresso,medium,beans,,"Brazylia, Peru, Wietnam",250,24.8
736,9.4,250 g,Pulped natural,espresso,dark,beans,100% Arabica,Brazylia,250,37.6
737,6.3,250 g,Washed,espresso,medium,beans,100% Arabica,Gwatemala,250,25.2
738,12.8,250 g,Washed,espresso,medium,beans,100% Arabica,Kolumbia,250,51.2
739,5.8,250 g,Natural,espresso,medium,beans,100% Arabica,Brazylia,250,23.2
740,5.8,250 g,Washed,espresso,medium,beans,100% Arabica,Kolumbia,250,23.2
741,33.8,250 g,,espresso,dark,ground,100% Arabica,,250,135.2
742,11.98,1 kg,,espresso,dark,beans,70/30,,1000,11.98
743,14.4,1 kg,,espresso,dark,beans,60/40,,1000,14.4
744,3.4,250 g,,espresso,dark,ground,30/70,,250,13.6
745,5.8,250 g,,espresso,dark,ground,70/30,,250,23.2
746,19,1 kg,,espresso,dark,beans,70/30,,1000,19
747,6.4,250 g,,espresso,dark,ground,100% Arabica,,250,25.6
748,21.8,1 kg,,espresso,dark,beans,100% Arabica,,1000,21.8
749,15.98,1 kg,,espresso,medium,beans,90/10,,1000,15.98
750,15.8,500 g,,espresso,medium,beans,100% Arabica,"Peru, Etiopia",500,31.6
751,14.8,500 g,,espresso,medium,beans,85/15,,500,29.6
752,5.98,250 g,Washed,espresso,dark,beans,100% Arabica,Brazylia,250,23.92
753,11,250 g,Washed,espresso,medium,beans,100% Arabica,Gwatemala,250,44
754,9.75,500 g,,espresso,medium,beans,100% Arabica,,500,19.5
755,7.5,250 g,Washed,espresso,medium,beans,100% Arabica,Peru,250,30
756,7.98,500 g,,espresso,medium,beans,60/40,,500,15.96
757,9.98,500 g,,espresso,medium,beans,80/20,,500,19.96
758,29.8,1 kg,Natural,espresso,medium,beans,100% Arabica,"Etiopia, Brazylia",1000,29.8
759,3.98,250 g,,espresso,medium,ground,100% Arabica,,250,15.92
760,9.4,250 g,,espresso,medium,beans,100% Arabica,,250,37.6
761,9.4,250 g,,espresso,medium,beans,100% Arabica,"Brazylia, Gwatemala, Kostaryka",250,37.6
762,6.3,250 g,,espresso,dark,beans,100% Arabica,,250,25.2
763,6.4,250 g,,espresso,dark,beans,100% Arabica,,250,25.6
764,4,250 g,,espresso,medium,beans,100% Arabica,"Etiopia, Kolumbia",250,16
765,19.62,1 kg,Pulped natural,espresso,medium,beans,100% Arabica,Brazylia,1000,19.62
766,4.8,250 g,Pulped natural,espresso,medium,beans,100% Arabica,Brazylia,250,19.2
767,14.25,1 kg,Washed,espresso,medium,beans,100% Arabica,Kolumbia,1000,14.25
768,12.46,1 kg,Natural,espresso,medium,beans,100% Arabica,Etiopia,1000,12.46
769,4.25,250 g,Natural,espresso,medium,beans,100% Arabica,Etiopia,250,17
770,4.9,250 g,Washed,espresso,medium,beans,100% Arabica,Etiopia,250,19.6
771,16.8,1 kg,Natural,espresso,medium,beans,100% Arabica,"Etiopia, Brazylia",1000,16.8
772,5.25,250 g,Natural,espresso,medium,beans,100% Arabica,"Etiopia, Brazylia",250,21
773,15.2,1 kg,Natural,espresso,medium,beans,100% Arabica,"Etiopia, Brazylia, Kolumbia",1000,15.2
774,19.8,1 kg,Natural,espresso,medium,beans,100% Arabica,Brazylia,1000,19.8
775,5.8,250 g,Natural,espresso,medium,beans,100% Arabica,Brazylia,250,23.2
776,16.66,1 kg,,espresso,medium,beans,100% Arabica,"Brazylia, Gwatemala, Etiopia",1000,16.66
777,20.64,1 kg,Natural,espresso,medium,beans,100% Arabica,Brazylia,1000,20.64
778,13.8,500 g,,espresso,dark,beans,84/16,,500,27.6
779,4.4,250 g,,espresso,dark,ground,95/5,,250,17.6
780,3.8,250 g,,espresso,dark,ground,95/5,,250,15.2
781,4.4,250 g,,espresso,dark,ground,70/30,,250,17.6
782,3.78,250 g,,espresso,dark,ground,80/20,,250,15.12
783,15,1 kg,,espresso,medium,beans,100% Arabica,Brazylia,1000,15
784,3.58,250 g,,espresso,medium,beans,100% Arabica,,250,14.32
785,11,1 kg,,espresso,dark,beans,40/60,,1000,11
786,11,1 kg,,espresso,medium,beans,30/70,,1000,11
787,15,1 kg,,espresso,medium,beans,,,1000,15
788,12.98,1 kg,,espresso,dark,beans,70/30,,1000,12.98
789,9.8,1 kg,,espresso,dark,,100% Robusta,,1000,9.8
790,9.8,1 kg,,espresso,dark,beans,,,1000,9.8
791,5.98,250 g,Washed,espresso,dark,beans,100% Arabica,Brazylia,250,23.92
792,9.8,250 g,Natural,espresso,dark,beans,100% Arabica,Etiopia,250,39.2
793,5.98,250 g,,espresso,dark,beans,100% Arabica,"Etiopia, Gwatemala",250,23.92
794,5.98,250 g,,espresso,dark,beans,75/25,"Salwador, Indie",250,23.92
795,17.98,1 kg,,espresso,dark,beans,80/20,,1000,17.98
796,13.98,1 kg,,espresso,dark,beans,40/60,,1000,13.98
797,21,1 kg,,espresso,dark,beans,100% Arabica,,1000,21
798,6.08,250 g,,espresso,dark,beans,100% Arabica,,250,24.32
799,21.8,1 kg,,espresso,medium,beans,80/20,,1000,21.8
800,3.58,250 g,,espresso,dark,ground,90/10,,250,14.32
801,33.8,1 kg,,espresso,dark,beans,100% Arabica,,1000,33.8
802,23.66,1 kg,,espresso,dark,beans,100% Arabica,,1000,23.66
803,5.2,250 g,,espresso,medium,beans,100% Arabica,"Brazylia, Honduras",250,20.8
804,5.2,250 g,Natural,espresso,medium,beans,100% Arabica,Brazylia,250,20.8
805,71.88,1 kg,,espresso,dark,beans,100% Arabica,,1000,71.88
806,74.29,1 kg,,espresso,dark,beans,60/40,,1000,74.29
807,7.4,250 g,Experimental,espresso,medium,beans,100% Arabica,Uganda,250,29.6
808,4.2,250 g,,espresso,dark,ground,,,250,16.8
809,4.2,250 g,,espresso,dark,ground,,,250,16.8
810,5,250 g,Natural,espresso,medium,beans,100% Arabica,Brazylia,250,20
811,6,250 g,,espresso,dark,ground,80/20,,250,24
812,8.2,250 g,Natural,espresso,medium,beans,100% Arabica,Brazylia,250,32.8
813,6.15,250 g,Natural,espresso,medium,beans,100% Arabica,Brazylia,250,24.6
814,7,250 g,,espresso,dark,beans,100% Arabica,,250,28
815,22.2,1 kg,,espresso,medium,beans,100% Arabica,"Brazylia, Gwatemala",1000,22.2
816,5.04,250 g,,espresso,medium,beans,100% Arabica,"Peru, Gwatemala",250,20.16
817,8.8,250 g,,espresso,medium,,,,250,35.2
818,10.6,250 g,,espresso,medium,,100% Arabica,"Brazylia, Kostaryka, Nikaragua",250,42.4
819,7.38,500 g,,espresso,dark,beans,80/20,,500,14.76
820,11.58,1 kg,,espresso,dark,beans,60/40,,1000,11.58
821,13.98,1 kg,,espresso,dark,beans,100% Arabica,"Honduras, Kolumbia, Peru",1000,13.98
822,7,250 g,,espresso,dark,beans,100% Arabica,,250,28
823,7.2,250 g,Washed,espresso,dark,ground,100% Arabica,Brazylia,250,28.8
824,6.2,250 g,,espresso,dark,beans,78/22,"Brazylia, Indie",250,24.8
825,6.8,250 g,,espresso,dark,ground,85/15,,250,27.2
826,7.2,250 g,Washed,espresso,dark,ground,100% Arabica,Brazylia,250,28.8
827,13.4,500 g,Washed,espresso,dark,beans,100% Arabica,Brazylia,500,26.8
828,23.8,1 kg,,espresso,dark,beans,100% Arabica,"Brazylia, Indie",1000,23.8
829,7,250 g,,espresso,dark,beans,100% Arabica,"Brazylia, Indie",250,28
830,7.6,250 g,Washed,espresso,dark,ground,100% Arabica,Peru,250,30.4
831,12.4,500 g,,espresso,dark,beans,75/25,"Salwador, Indie",500,24.8
832,14,500 g,,espresso,dark,beans,100% Arabica,Brazylia,500,28
833,11.6,250 g,Washed,espresso,medium,beans,100% Arabica,Burundi,250,46.4
834,11.4,250 g,Washed,espresso,medium,beans,100% Arabica,Kolumbia,250,45.6
835,12.4,250 g,Anaerobic,espresso,medium,beans,100% Arabica,Kolumbia,250,49.6
836,4.5,250 g,Natural,espresso,medium,beans,100% Arabica,Brazylia,250,18
837,3.8,250 g,,espresso,dark,ground,55/45,,250,15.2
838,8.6,250 g,Red Honey,espresso,medium,beans,100% Robusta,Laos,250,34.4
839,6.4,200 g,,espresso,medium,beans,100% Arabica,"Brazylia, Kolumbia",200,32
840,7.2,200 g,Washed,espresso,medium,beans,100% Arabica,Kolumbia,200,36
841,5.04,200 g,Washed,espresso,medium,beans,100% Arabica,Kolumbia,200,25.2
842,7.84,200 g,Natural,espresso,medium,beans,100% Arabica,Etiopia,200,39.2
843,7.4,250 g,Natural,espresso,medium,beans,100% Arabica,Brazylia,250,29.6
844,10.4,250 g,Washed,espresso,medium,beans,100% Arabica,Papua Nowa Gwinea,250,41.6
845,8.4,250 g,Washed,espresso,medium,beans,100% Arabica,Gwatemala,250,33.6
846,18,1 kg,,espresso,medium,beans,100% Arabica,"Brazylia, Honduras",1000,18
847,18,1 kg,Natural,espresso,medium,beans,100% Arabica,Brazylia,1000,18
848,11.6,250 g,Washed,espresso,medium,beans,100% Arabica,Kolumbia,250,46.4
849,12.6,250 g,Washed,espresso,medium,beans,100% Arabica,Meksyk,250,50.4
850,5.6,250 g,,espresso,dark,beans,90/10,,250,22.4
851,5.98,250 g,,espresso,medium,beans,100% Arabica,,250,23.92
852,5.18,250 g,,espresso,medium,beans,80/20,,250,20.72
853,19.98,1 kg,,espresso,medium,beans,80/20,,1000,19.98
854,5.18,250 g,,espresso,dark,ground,100% Arabica,,250,20.72
855,3.98,250 g,,espresso,dark,ground,100% Arabica,,250,15.92
856,109,6x 1 kg,,,,,,,6000,18.17
857,99,6 sztuk,,,,,,,6000,16.5
858,109,6x 1 kg,,,,,,,6000,18.17
859,11.4,250 g,Honey + Anaerobic,,light,beans,100% Arabica,Brazylia,250,45.6
860,5.98,250 g,,,dark,ground,100% Arabica,,250,23.92
861,7.8,200 g,Natural,,,beans,,Panama,200,39
862,6.6,90 g,,,,,,Gwatemala,90,73.33
863,10,200 g,Natural,,,beans,,Panama,200,50
864,7.2,200 g,,,,,,Nikaragua,200,36
865,25,1 kg,Washed,,light,beans,100% Arabica,Gwatemala,1000,25
866,7.4,250 g,Washed,,light,beans,100% Arabica,Gwatemala,250,29.6
